<record><leader>00000cas a22000007a 4500</leader><controlfield tag="001">18268697</controlfield><controlfield tag="008">880726c19699999ohuwr ne      0    0eng d</controlfield><controlfield tag="009">8043</controlfield><datafield ind1=" " ind2=" " tag="010"><subfield code="a">sn 88078696 </subfield></datafield><datafield ind1=" " ind2=" " tag="040"><subfield code="a">ONP</subfield><subfield code="b">eng</subfield><subfield code="c">ONP</subfield><subfield code="d">OCLCQ</subfield></datafield><datafield ind1=" " ind2=" " tag="042"><subfield code="a">msc</subfield></datafield><datafield ind1="0" ind2=" " tag="130"><subfield code="a">Lakewood sun-post (Lakewood, Ohio : 1969)</subfield></datafield><datafield ind1="0" ind2="0" tag="245"><subfield code="a">Lakewood sun-post.</subfield></datafield><datafield ind1="3" ind2="0" tag="246"><subfield code="a">Lakewood sun post</subfield></datafield><datafield ind1=" " ind2=" " tag="260"><subfield code="a">[Lakewood, Ohio] :</subfield><subfield code="b">David R. Hawley,</subfield><subfield code="c">1969-</subfield></datafield><datafield ind1=" " ind2=" " tag="300"><subfield code="a">v.</subfield></datafield><datafield ind1=" " ind2=" " tag="310"><subfield code="a">Weekly</subfield></datafield><datafield ind1="0" ind2=" " tag="362"><subfield code="a">Vol. 51, no. 42 (Oct. 16, 1969)-</subfield></datafield><datafield ind1=" " ind2="4" tag="651"><subfield code="a">Lakewood (Ohio)</subfield><subfield code="v">Newspapers.</subfield></datafield><datafield ind1=" " ind2="4" tag="651"><subfield code="a">Rocky River (Ohio)</subfield><subfield code="v">Newspapers.</subfield></datafield><datafield ind1=" " ind2="4" tag="651"><subfield code="a">Cuyahoga County (Ohio)</subfield><subfield code="v">Newspapers.</subfield></datafield><datafield ind1=" " ind2=" " tag="752"><subfield code="a">United States</subfield><subfield code="b">Ohio</subfield><subfield code="c">Cuyahoga</subfield><subfield code="d">Lakewood.</subfield></datafield><datafield ind1="0" ind2="0" tag="780"><subfield code="t">Sun-post (Lakewood, Ohio : 1968)</subfield><subfield code="w">(DLC)sn 90068433</subfield></datafield></record>